@ARTICLE{sample,
   author = {{Alice}, A.~A. and {Bob}, B. and {Charlie}, C.~C.~C. and 
	{Dirac}, P.~A.~M. and {Einstein}, A. and {Fermi}, E. and 
	{Gauss}, C.~F. and {Heisenberg}, W.},
    title = "{Typical reference, test CapItAliZatioN}",
  journal = {Nature},
     year = 9999,
    month = jan,
   volume = 9999,
    pages = {9999-9999}
}
